

@Manual{citeR,
    title = {{R: A Language and Environment for Statistical Computing}},
    author = {{R Core Team}},
    organization = {R Foundation for Statistical Computing},
    address = {Vienna, Austria},
    year = {2023},
    url = {https://www.R-project.org/},
  }
  
  
@misc{EWF,
  author = {RobC},
  title = {The English Women's Football (EWF) Database},
  year = {2024},
  url = {https://github.com/probjects/ewf-database/tree/main},
}
  
@Article{tidyverse,
    title = {Welcome to the {tidyverse}},
    author = {Hadley Wickham and Mara Averick and Jennifer Bryan and Winston Chang and Lucy D'Agostino McGowan and Romain François and Garrett Grolemund and Alex Hayes and Lionel Henry and Jim Hester and Max Kuhn and Thomas Lin Pedersen and Evan Miller and Stephan Milton Bache and Kirill Müller and Jeroen Ooms and David Robinson and Dana Paige Seidel and Vitalie Spinu and Kohske Takahashi and Davis Vaughan and Claus Wilke and Kara Woo and Hiroaki Yutani},
    year = {2019},
    journal = {Journal of Open Source Software},
    volume = {4},
    number = {43},
    pages = {1686},
    doi = {10.21105/joss.01686},
}

@Manual{here,
    title = {here: A Simpler Way to Find Your Files},
    author = {Kirill Müller},
    year = {2020},
    note = {R package version 1.0.1},
    url = {https://CRAN.R-project.org/package=here},
}

@Manual{testthat,
    title = {testthat: Unit Testing for R},
    author = {Hadley Wickham and Jim Hester and Winston Chang},
    year = {2023},
    note = {R package version 3.1.10},
    url = {https://CRAN.R-project.org/package=testthat},
}

@Manual{httr,
    title = {httr: Tools for Working with URLs and HTTP},
    author = {Hadley Wickham},
    year = {2023},
    note = {R package version 1.4.5},
    url = {https://CRAN.R-project.org/package=httr},
}

@Manual{reader,
    title = {reader: Reading and Writing Tabular Data},
    author = {Hadley Wickham},
    year = {2023},
    note = {R package version 0.1.0},
    url = {https://CRAN.R-project.org/package=reader},
}

@Manual{lubridate,
    title = {lubridate: Make Dealing with Dates a Little Easier},
    author = {Garrett Grolemund and Hadley Wickham},
    year = {2023},
    note = {R package version 1.9.3},
    url = {https://CRAN.R-project.org/package=lubridate},
}

@Manual{rstanarm,
  title        = {rstanarm: Bayesian applied regression modeling via Stan},
  author       = {Gabriel A. Cepeda and Ben Goodrich and Jonah Gabry and Rachael Meager and Andrew Gelman},
  year         = {2024},
  note         = {R package version 2.21.4},
  url          = {https://mc-stan.org/rstanarm/},
  abstract     = {rstanarm is an R package that enables Bayesian applied regression modeling using Stan's probabilistic programming framework. It offers tools for fitting generalized linear models, hierarchical models, and other advanced regression methods.}
}

@Manual{arrow,
    title = {arrow: Integration to 'Apache' 'Arrow'},
    author = {Neal Richardson and Ian Cook and Nic Crane and Dewey Dunnington and Romain François and Jonathan Keane and Dragoș Moldovan-Grünfeld and Jeroen Ooms and Jacob Wujciak-Jens and {Apache Arrow}},
    year = {2024},
    note = {R package version 17.0.0.1},
    url = {https://CRAN.R-project.org/package=arrow},
}

@Manual{stringr,
    title = {string: Character String Utilities for R},
    author = {Patrick Burns},
    year = {2023},
    note = {R package version 2.0.1},
    url = {https://CRAN.R-project.org/package=stringr},
}

@Manual{caret,
    title = {caret: Classification and Regression Training},
    author = {Max Kuhn},
    year = {2023},
    note = {R package version 6.0-94},
    url = {https://CRAN.R-project.org/package=caret},
}

@Manual{dplyr,
    title = {dplyr: A Grammar of Data Manipulation},
    author = {Hadley Wickham and Romain François and Lionel Henry and Kirill Müller and Davis Vaughan},
    year = {2023},
    note = {R package version 1.1.4},
    url = {https://CRAN.R-project.org/package=dplyr},
}

@Book{ggplot,
    author = {Hadley Wickham},
    title = {ggplot2: Elegant Graphics for Data Analysis},
    publisher = {Springer-Verlag New York},
    year = {2016},
    isbn = {978-3-319-24277-4},
    url = {https://ggplot2.tidyverse.org},
}

@Manual{bayesplot,
    title = {bayesplot: Plotting for Bayesian Models},
    author = {Jonah Gabry and Michael Betancourt and Lauren Kennedy and Stan Development Team},
    year = {2023},
    note = {R package version 1.9.0},
    url = {https://mc-stan.org/bayesplot/},
}

@Manual{pROC,
    title = {pROC: Display and Analyze ROC Curves},
    author = {Xavier Robin and Natacha Turck and Alexandre Hainard and Natalia Tiberti and Frédéric Lisacek and Jean-Charles Sanchez and Markus Müller},
    year = {2023},
    note = {R package version 1.18.0},
    url = {https://CRAN.R-project.org/package=pROC},
}

@Manual{kableExtra,
    title = {kableExtra: Construct Complex Table with 'kable' and Pipe Syntax},
    author = {Hao Zhu},
    year = {2024},
    note = {R package version 1.4.0},
    url = {https://CRAN.R-project.org/package=kableExtra},
}

@Manual{knitr,
    title = {knitr: A General-Purpose Package for Dynamic Report
      Generation in R},
    author = {Yihui Xie},
    year = {2024},
    note = {R package version 1.48},
    url = {https://yihui.org/knitr/},
  }
  
@Manual{janitor,
    title = {janitor: Simple Tools for Examining and Cleaning Dirty Data},
    author = {Sam Firke},
    year = {2023},
    note = {R package version 2.2.0},
    url = {https://CRAN.R-project.org/package=janitor},
  }
  
@article{gebru2021datasheets,
  title={Datasheets for datasets},
  author={Gebru, Timnit and Morgenstern, Jamie and Vecchione, Briana and Vaughan, Jennifer Wortman and Wallach, Hanna and Iii, Hal Daum{\'e} and Crawford, Kate},
  journal={Communications of the ACM},
  volume={64},
  number={12},
  pages={86--92},
  year={2021},
  publisher={ACM New York, NY, USA}
}

@book{tellingstories,
    title = {Telling Stories with Data},
    author = {Rohan Alexander},
    year = {2023},
    publisher = {Chapman; Hall/CRC},
    url = {https://tellingstorieswithdata.com/}
  }  
  
  